@article{barratt,
    author = {Barratt, S. Boyd, S.},
    title = {Fitting feature-dependent Markov chains},
    journal = {Journal of Global Optimization},
    year = {2022},
    publisher = {Springer}
}

@INPROCEEDINGS{wang,
    author={Jinglin  Wang},
    title={Research on Income Forecasting based on Machine Learning Methods and the Importance of Features},
    proceedings={Proceedings of the International Conference on Information Economy, Data Modeling and Cloud Computing, ICIDC 2022, 17-19 June 2022, Qingdao, China},
    publisher={EAI},
    proceedings_a={ICIDC},
    year={2022},
    month={10},
    keywords={income; classification; gini importance; random forest; knn},
    doi={10.4108/eai.17-6-2022.2322745}
}

@INPROCEEDINGS{chakrabarty,
  author={Chakrabarty, Navoneel and Biswas, Sanket},
  booktitle={2018 International Conference on Advances in Computing, Communication Control and Networking (ICACCCN)}, 
  title={A Statistical Approach to Adult Census Income Level Prediction}, 
  year={2018},
  volume={},
  number={},
  pages={207-212},
  doi={10.1109/ICACCCN.2018.8748528}
}

@INPROCEEDINGS{lazar,
  author={Lazar, A.},
  booktitle={2004 International Conference on Machine Learning and Applications, 2004. Proceedings.}, 
  title={Income prediction via support vector machine}, 
  year={2004},
  volume={},
  number={},
  pages={143-149},
  doi={10.1109/ICMLA.2004.1383506}
}

@article{musto,
author = {Musto, Cataldo and Semeraro, Giovanni and Lops, Pasquale and de Gemmis, Marco and Lekkas, Georgios},
year = {2015},
month = {06},
pages = {},
title = {Personalized Finance Advisory through Case-based Recommender Systems and Diversification Strategies},
volume = {77},
journal = {Decision Support Systems},
doi = {10.1016/j.dss.2015.06.001}
}

@article{sharaf,
author = {Sharaf, Marwa and Hemdan, Ezz El-Din and El-Sayed, Ayman and El-Bahnasawy, Nirmeen},
year = {2022},
month = {03},
pages = {1-21},
title = {A survey on recommendation systems for financial services},
volume = {81},
journal = {Multimedia Tools and Applications},
doi = {10.1007/s11042-022-12564-1}
}

@misc{ayasse,
author = {Ayasse, Daniel and Myers, Emily and Schmidt, Christian and Schwam, Allison},
year = {2016},
title = {Change in State: using Markov chains to explore national economic mobility and the evolving American Dream},
note = {Online; accessed March 22, 2023}
}